<?xml version="1.0" encoding="UTF-8"?><collection xmlns="http://www.loc.gov/MARC21/slim"><record><leader>00491nam--2200169-i-4500</leader><controlfield tag="001">000017329</controlfield><controlfield tag="002">20161230</controlfield><controlfield tag="005">20161230201032</controlfield><controlfield tag="008">060222s1000------------r-----000-0-eng-d</controlfield><datafield ind1=" " ind2=" " tag="040"><subfield code="a">IFIN-HH</subfield></datafield><datafield ind1=" " ind2=" " tag="080"><subfield code="a">517.9</subfield></datafield><datafield ind1="1" ind2=" " tag="100"><subfield code="a">Georgescu, Adelina</subfield></datafield><datafield ind1="1" ind2="0" tag="245"><subfield code="a">Asymptotic treatment of differential equations</subfield><subfield code="c">Adelina georgescu</subfield></datafield><datafield ind1=" " ind2=" " tag="260"><subfield code="a">London, Chapman And Hall, 1995</subfield></datafield><datafield ind1=" " ind2=" " tag="490"><subfield code="a">Applied Mathematics And Mathematical Computation</subfield></datafield><datafield ind1=" " ind2=" " tag="852"><subfield code="a">80284</subfield><subfield code="c">517.9</subfield></datafield><datafield ind1=" " ind2=" " tag="CAT"><subfield code="a">Sys</subfield><subfield code="c">20100827</subfield><subfield code="h">092112</subfield></datafield></record></collection>